<record><leader>00000cas a22000007a 4500</leader><controlfield tag="001">10382953</controlfield><controlfield tag="008">840207d18171826pauwr ne      0    0eng d</controlfield><datafield ind1=" " ind2=" " tag="010"><subfield code="a">sn 84026119 </subfield></datafield><datafield ind1=" " ind2=" " tag="040"><subfield code="a">NPU</subfield><subfield code="b">eng</subfield><subfield code="c">NPU</subfield><subfield code="d">NPX</subfield><subfield code="d">DLC</subfield><subfield code="d">NPX</subfield><subfield code="d">NPH</subfield><subfield code="d">OCL</subfield><subfield code="d">OCLCQ</subfield></datafield><datafield ind1=" " ind2=" " tag="042"><subfield code="a">msc</subfield></datafield><datafield ind1="0" ind2="0" tag="050"><subfield code="a">Newspaper 9375-X</subfield></datafield><datafield ind1="0" ind2="0" tag="245"><subfield code="a">Mifflin eagle.</subfield></datafield><datafield ind1=" " ind2=" " tag="260"><subfield code="a">Mifflin-town, Mifflin Co., Pa. :</subfield><subfield code="b">Andrew N. Gallaher</subfield></datafield><datafield ind1=" " ind2=" " tag="300"><subfield code="a">v. ;</subfield><subfield code="c">43-47 cm.</subfield></datafield><datafield ind1=" " ind2=" " tag="310"><subfield code="a">Weekly</subfield></datafield><datafield ind1="1" ind2=" " tag="362"><subfield code="a">Began with July 5, 1817 issue?</subfield><subfield code="z">Cf. Brigham, C.S. Amer. newspapers.</subfield></datafield><datafield ind1="1" ind2=" " tag="362"><subfield code="a">Ceased in May 1826?</subfield></datafield><datafield ind1=" " ind2=" " tag="500"><subfield code="a">Published at Mifflintown, Pa., 1817-&lt;Apr.&gt; 1826; at Lewistown, Pa., &lt;May&gt; 1826. Cf. Rossell, G. Pa. newspapers.</subfield></datafield><datafield ind1=" " ind2=" " tag="500"><subfield code="a">Publishers: Andrew N. Gallaher, &lt;1823&gt;; Robert C. Gallaher, &lt;1823&gt;.</subfield></datafield><datafield ind1="4" ind2=" " tag="510"><subfield code="a">Shaw &amp; Shoemaker</subfield><subfield code="c">41434</subfield></datafield><datafield ind1="4" ind2=" " tag="510"><subfield code="a">Brigham, C.S. Amer. newspapers,</subfield><subfield code="c">p. 880</subfield></datafield><datafield ind1=" " ind2=" " tag="515"><subfield code="a">In 1823 and 1824 publisher started new numbering.</subfield></datafield><datafield ind1=" " ind2=" " tag="588"><subfield code="a">Description based on: Vol. 1, no. 15 (Oct. 11, 1817).</subfield></datafield><datafield ind1="1" ind2=" " tag="700"><subfield code="a">Gallaher, Andrew N.</subfield></datafield><datafield ind1=" " ind2=" " tag="752"><subfield code="a">United States</subfield><subfield code="b">Pennsylvania</subfield><subfield code="c">Juniata</subfield><subfield code="d">Lewistown.</subfield></datafield><datafield ind1=" " ind2=" " tag="752"><subfield code="a">United States</subfield><subfield code="b">Pennsylvania</subfield><subfield code="c">Juniata</subfield><subfield code="d">Mifflintown.</subfield></datafield><datafield ind1=" " ind2=" " tag="752"><subfield code="a">United States</subfield><subfield code="b">Pennsylvania</subfield><subfield code="c">Mifflin</subfield><subfield code="d">Mifflintown.</subfield></datafield><datafield ind1="0" ind2="0" tag="785"><subfield code="t">Mifflin eagle and Lewistown intelligencer</subfield><subfield code="w">(DLC)sn 86081220</subfield></datafield></record>